<?xml version="1.0" encoding="UTF-8"?>
<record xmlns="http://www.loc.gov/MARC21/slim">
   <leader>00840cam a2200217 a 4500</leader>
   <controlfield tag="001">3719932</controlfield>
   <controlfield tag="003">NjP</controlfield>
   <controlfield tag="005">20180223193135.0</controlfield>
   <controlfield tag="008">871210s19779999ir            000 0 perod</controlfield>
   <datafield tag="024" ind1="7" ind2=" ">
      <subfield code="a">princeton_aco004780</subfield>
      <subfield code="2">local</subfield>
   </datafield>
   <datafield ind1=" " ind2=" " tag="035">
      <subfield code="a">(ICU)hz872957</subfield>
   </datafield>
   <datafield ind1=" " ind2=" " tag="035">
      <subfield code="a">(CStRLIN)ILCGHZ872957-B</subfield>
   </datafield>
   <datafield ind1=" " ind2=" " tag="040">
      <subfield code="a">ICU</subfield>
      <subfield code="c">ICU 041 0</subfield>
      <subfield code="d">CStRLIN</subfield>
   </datafield>
   <datafield ind1=" " ind2=" " tag="043">
      <subfield code="a">a-ir---</subfield>
   </datafield>
   <datafield ind1="1" ind2=" " tag="100">
      <subfield code="a">Ṣafā, Z̲abīḥ Allāh.</subfield>
   </datafield>
   <datafield ind1="1" ind2="0" tag="245">
      <subfield code="a">Khulāṣah-ʾi tārīkh-i siyāsī va ijtimāʻī va farhangī-i Īrān :</subfield>
      <subfield code="b">tā pāyān-i ʻahd-i Ṣafavī /</subfield>
      <subfield code="c">Z̲abīḥ Allāh Ṣafā.</subfield>
   </datafield>
   <datafield ind1=" " ind2=" " tag="250">
      <subfield code="a">Chāp-i 2.</subfield>
   </datafield>
   <datafield ind1=" " ind2=" " tag="260">
      <subfield code="a">Tihrān :</subfield>
      <subfield code="b">Amīr-i Kabīr,</subfield>
      <subfield code="c">2536 [1977 or 1978]-</subfield>
   </datafield>
   <datafield ind1=" " ind2=" " tag="300">
      <subfield code="a">v. ;</subfield>
      <subfield code="c">24 cm.</subfield>
   </datafield>
   <datafield ind1="0" ind2=" " tag="490">
      <subfield code="a">Majmūʻah-ʾi maqālāt-i Duktur Z̲abīḥ Allāh Ṣafā ;</subfield>
      <subfield code="v">2</subfield>
   </datafield>
   <datafield ind1=" " ind2="0" tag="651">
      <subfield code="a">Iran</subfield>
      <subfield code="x">History.</subfield>
      <subfield code="0">http://id.loc.gov/authorities/subjects/sh85067895</subfield>
   </datafield>
   <datafield ind1=" " ind2=" " tag="998">
      <subfield code="s">9115</subfield>
   </datafield>
   <datafield ind1=" " ind2=" " tag="902">
      <subfield code="a">jyn</subfield>
      <subfield code="b">r</subfield>
      <subfield code="6">a</subfield>
      <subfield code="7">m</subfield>
      <subfield code="d">v</subfield>
      <subfield code="f">0</subfield>
      <subfield code="e">20020807</subfield>
   </datafield>
   <datafield ind1="0" ind2=" " tag="852">
      <subfield code="0">4031887</subfield>
      <subfield code="b">rcppa</subfield>
      <subfield code="h">DS272</subfield>
      <subfield code="i">.S34 1977</subfield>
      <subfield code="x">tr fr anxafst</subfield>
   </datafield>
   <datafield ind1=" " ind2="0" tag="866">
      <subfield code="0">4031887</subfield>
      <subfield code="a">jild 2</subfield>
   </datafield>
   <datafield ind1=" " ind2=" " tag="959">
      <subfield code="a">2009-09-11 11:28:06 -0500</subfield>
   </datafield>
</record>
